@article{gelman2020bayesian,
  title={Bayesian workflow},
  author={Gelman, Andrew and Vehtari, Aki and Simpson, Daniel and Margossian, Charles C and Carpenter, Bob and Yao, Yuling and Kennedy, Lauren and Gabry, Jonah and B{\"u}rkner, Paul-Christian and Modr{\'a}k, Martin},
  journal={arXiv preprint arXiv:2011.01808},
  year={2020}
}

@article{piironen2017comparison,
	title={Comparison of Bayesian predictive methods for model selection},
	author={Piironen, Juho and Vehtari, Aki},
	journal={Statistics and Computing},
	volume={27},
	number={3},
	pages={711--735},
	year={2017},
	publisher={Springer}
}

@article{piironen2020projective,
	title={Projective inference in high-dimensional problems: Prediction and feature selection},
	author={Piironen, Juho and Paasiniemi, Markus and Vehtari, Aki},
	journal={Electronic Journal of Statistics},
	volume={14},
	number={1},
	pages={2155--2197},
	year={2020},
	publisher={Institute of Mathematical Statistics and Bernoulli Society}
}

@mastersthesis{paasiniemi2018,
	title={{Methods and Tools for Interpretable Bayesian Variable Selection}},
	author={Paasiniemi, Markus},
	year={2018},
	language={English},
	pages={53+4},
	school={Aalto University. School of Science},
	type={Master's thesis},
	keywords={Bayesian model selection, interpretable models, variable selection, forward selection, projection},
	url={http://urn.fi/URN:NBN:fi:aalto-201809034782}
} 

@article{heinze2018variable,
	title={{Variable selection--a review and recommendations for the practicing statistician}},
	author={Heinze, Georg and Wallisch, Christine and Dunkler, Daniela},
	journal={Biometrical Journal},
	volume={60},
	number={3},
	pages={431--449},
	year={2018},
	publisher={Wiley Online Library}
}
