@Manual{Rcore2018,
    title = {R: A Language and Environment for Statistical Computing},
    author = {{R Core Team}},
    organization = {R Foundation for Statistical Computing},
    address = {Vienna, Austria},
    year = {2018},
    url = {https://www.R-project.org/},
}

@article{casella1985introduction,
  title={An introduction to empirical Bayes data analysis},
  author={Casella, George},
  journal={The American Statistician},
  volume={39},
  number={2},
  pages={83--87},
  year={1985},
  publisher={Taylor \& Francis Group}
}

@book{venables2013modern,
  title={Modern applied statistics with S-PLUS},
  author={Venables, William N and Ripley, Brian D},
  year={2013},
  publisher={Springer Science \& Business Media}
}

@book{efron2012large,
  title={Large-scale inference: empirical Bayes methods for estimation, testing, and prediction},
  author={Efron, Bradley},
  volume={1},
  year={2012},
  publisher={Cambridge University Press}
}

@book{book:miller,
  title={Simultaneous statistical inference},
  author={Rupert Jr, G},
  year={2012},
  publisher={Springer Science \& Business Media}
}

@book{book:bernardo_smith,
  title={Bayesian Theory},
  author={Bernardo, Jos{\'e} M and Smith, Adrian FM},
  volume={405},
  year={2009},
  publisher={John Wiley \& Sons}
}

@book{book:glm,
  title={Generalized linear models and extensions},
  author={Hardin, James W. and Hilbe, Joseph M.},
  year={2007},
  publisher={Stata Press}
}

@book{harrell2015regression,
  title={Regression modeling strategies: with applications to linear models, logistic and ordinal regression, and survival analysis},
  author={Harrell, Frank E},
  year={2015},
  publisher={Springer}
}

@book{gelman2013bayesian,
  title={Bayesian data analysis},
  author={Gelman, Andrew and Carlin, John B and Stern, Hal S and Dunson, David B and Vehtari, Aki and Rubin, Donald B},
  year={2013},
  publisher={Chapman and Hall/CRC}
}

@incollection{akaike1974new,
  title={A new look at the statistical model identification},
  author={Akaike, Hirotugu},
  booktitle={Selected Papers of Hirotugu Akaike},
  pages={215--222},
  year={1974},
  publisher={Springer}
}

@article{paananen2017variable,
  title={Variable selection for Gaussian processes via sensitivity analysis of the posterior predictive distribution},
  author={Paananen, Topi and Piironen, Juho and Andersen, Michael Riis and Vehtari, Aki},
  journal={arXiv preprint arXiv:1712.08048},
  year={2017}
}

@article{dudoit2003multiple,
  title={Multiple hypothesis testing in microarray experiments},
  author={Dudoit, Sandrine and Shaffer, Juliet Popper and Boldrick, Jennifer C and others},
  journal={Statistical Science},
  volume={18},
  number={1},
  pages={71--103},
  year={2003},
  publisher={Institute of Mathematical Statistics}
}

@article{liao2007logistic,
  title={Logistic regression for disease classification using microarray data: model selection in a large p and small n case},
  author={Liao, JG and Chin, Khew-Voon},
  journal={Bioinformatics},
  volume={23},
  number={15},
  pages={1945--1951},
  year={2007},
  publisher={Oxford University Press}
}

@article{gabry2019visualization,
  title={{Visualization in Bayesian workflow}},
  author={Gabry, Jonah and Simpson, Daniel and Vehtari, Aki and Betancourt, Michael and Gelman, Andrew},
  journal={Journal of the Royal Statistical Society: Series A (Statistics in Society)},
  volume={182},
  number={2},
  pages={389--402},
  year={2019},
  publisher={Wiley Online Library}
}

@article{nott2010bayesian,
  title={{Bayesian projection approaches to variable selection in generalised linear models}},
  author={Nott, David J and Leng, Chenlei},
  journal={Computational Statistics \& Data Analysis},
  volume={54},
  number={12},
  pages={3227--3241},
  year={2010},
  publisher={Elsevier}
}

@article{goutis1998model,
  title={{Model choice in generalised linear models: A Bayesian approach via Kullback-Leibler projections}},
  author={Goutis, Constantinos and Robert, Christian P},
  journal={Biometrika},
  volume={85},
  number={1},
  pages={29--37},
  year={1998},
  publisher={Oxford University Press}
}

@article{tran2012predictive,
  title={{The predictive lasso}},
  author={Tran, Minh-Ngoc and Nott, David J and Leng, Chenlei},
  journal={Statistics and computing},
  volume={22},
  number={5},
  pages={1069--1084},
  year={2012},
  publisher={Springer}
}

@article{tibshirani1996regression,
  title={{Regression shrinkage and selection via the lasso}},
  author={Tibshirani, Robert},
  journal={Journal of the Royal Statistical Society: Series B (Methodological)},
  volume={58},
  number={1},
  pages={267--288},
  year={1996},
  publisher={Wiley Online Library}
}


@article{paul2008preconditioning,
  title={{``Preconditioning'' for feature selection and regression in high-dimensional problems}},
  author={Paul, Debashis and Bair, Eric and Hastie, Trevor and Tibshirani, Robert},
  journal={The Annals of Statistics},
  volume={36},
  number={4},
  pages={1595--1618},
  year={2008},
  publisher={Institute of Mathematical Statistics}
}

@article{faraggi2001understanding,
  title={{Understanding neural networks using regression trees: an application to multiple myeloma survival data}},
  author={Faraggi, David and LeBlanc, Michael and Crowley, John},
  journal={Statistics in medicine},
  volume={20},
  number={19},
  pages={2965--2976},
  year={2001},
  publisher={Wiley Online Library}
}

@article{johnson1996fitting,
  title={{Fitting percentage of body fat to simple body measurements}},
  author={Johnson, Roger W},
  journal={Journal of Statistics Education},
  volume={4},
  number={1},
  year={1996},
  publisher={Taylor \& Francis}
}

@article{johnstone2004needles,
  title={{Needles and straw in haystacks: Empirical Bayes estimates of possibly sparse sequences}},
  author={Johnstone, Iain M and Silverman, Bernard W},
  journal={The Annals of Statistics},
  volume={32},
  number={4},
  pages={1594--1649},
  year={2004},
  publisher={Institute of Mathematical Statistics}
}

@article{bhadra2017horseshoe+,
  title={The horseshoe+ estimator of ultra-sparse signals},
  author={Bhadra, Anindya and Datta, Jyotishka and Polson, Nicholas G and Willard, Brandon and others},
  journal={Bayesian Analysis},
  volume={12},
  number={4},
  pages={1105--1131},
  year={2017},
  publisher={International Society for Bayesian Analysis}
}

@article{hawkins1989using,
  title={{Using U statistics to derive the asymptotic distribution of Fisher's Z statistic}},
  author={Hawkins, DL},
  journal={The American Statistician},
  volume={43},
  number={4},
  pages={235--237},
  year={1989},
  publisher={Taylor \& Francis Group}
}

@article{gneiting2007strictly,
  title={{Strictly proper scoring rules, prediction, and estimation}},
  author={Gneiting, Tilmann and Raftery, Adrian E},
  journal={Journal of the American Statistical Association},
  volume={102},
  number={477},
  pages={359--378},
  year={2007},
  publisher={Taylor \& Francis}
}

@article{vehtari2012survey,
  title={{A survey of Bayesian predictive methods for model assessment, selection and comparison}},
  author={Vehtari, Aki and Ojanen, Janne},
  journal={Statistics Surveys},
  volume={6},
  pages={142--228},
  year={2012},
  publisher={The author, under a Creative Commons Attribution License}
}

@article{hoffman2014no,
  title={{The No-U-Turn sampler: adaptively setting path lengths in Hamiltonian Monte Carlo.}},
  author={Hoffman, Matthew D and Gelman, Andrew},
  journal={Journal of Machine Learning Research},
  volume={15},
  number={1},
  pages={1593--1623},
  year={2014}
}

@article{betancourt2017conceptual,
  title={{A conceptual introduction to Hamiltonian Monte Carlo}},
  author={Betancourt, Michael},
  journal={arXiv preprint arXiv:1701.02434},
  year={2017}
}


@article{bair2006prediction,
  title={{Prediction by supervised principal components}},
  author={Bair, Eric and Hastie, Trevor and Paul, Debashis and Tibshirani, Robert},
  journal={Journal of the American Statistical Association},
  volume={101},
  number={473},
  pages={119--137},
  year={2006},
  publisher={Taylor \& Francis},
}


@article{paper:reference_lindley,
  title={{The choice of variables in multiple regression}},
  author={Lindley, Dennis V},
  journal={Journal of the Royal Statistical Society: Series B (Methodological)},
  volume={30},
  number={1},
  pages={31--53},
  year={1968},
  publisher={Wiley Online Library}
}

@article{paper:shrinkage_studentt,
  title={{Sparse Bayesian learning and the relevance vector machine}},
  author={Tipping, Michael E},
  journal={Journal of Machine Learning Research},
  volume={1},
  number={Jun},
  pages={211--244},
  year={2001}
}

@article{paper:shrinkage_laplace,
  title={{The Bayesian Lasso}},
  author={Park, Trevor and Casella, George},
  journal={Journal of the American Statistical Association},
  volume={103},
  number={482},
  pages={681--686},
  year={2008},
  publisher={Taylor \& Francis}
}

@article{paper:shrinkage_scott,
  title={{On the half-Cauchy prior for a global scale parameter}},
  author={Polson, Nicholas G and Scott, James G},
  journal={Bayesian Analysis},
  volume={7},
  number={4},
  pages={887--902},
  year={2012},
  publisher={International Society for Bayesian Analysis}
}


@article{paper:spike_slab_mitchell,
  title={{Bayesian variable selection in linear regression}},
  author={Mitchell, Toby J and Beauchamp, John J},
  journal={Journal of the American Statistical Association},
  volume={83},
  number={404},
  pages={1023--1032},
  year={1988},
  publisher={Taylor \& Francis Group}
}

@article{paper:spike_slab_george,
  title={{Variable selection via Gibbs sampling}},
  author={George, Edward I and McCulloch, Robert E},
  journal={Journal of the American Statistical Association},
  volume={88},
  number={423},
  pages={881--889},
  year={1993},
  publisher={Taylor \& Francis}
}


@article{paper:dirichlet_laplace,
  title={{Dirichlet--Laplace priors for optimal shrinkage}},
  author={Bhattacharya, Anirban and Pati, Debdeep and Pillai, Natesh S and Dunson, David B},
  journal={Journal of the American Statistical Association},
  volume={110},
  number={512},
  pages={1479--1490},
  year={2015},
  publisher={Taylor \& Francis}
}

@article{paper:bodyfat,
  title={{Variable selection--a review and recommendations for the practicing statistician}},
  author={Heinze, Georg and Wallisch, Christine and Dunkler, Daniela},
  journal={Biometrical Journal},
  volume={60},
  number={3},
  pages={431--449},
  year={2018},
  publisher={Wiley Online Library}
}


@article{paper:efron,
  title={{Microarrays, empirical Bayes and the two-groups model}},
  author={Efron, Bradley},
  journal={Statistical Science},
  volume={23},
  number={1},
  pages={1--22},
  year={2008},
  publisher={Institute of Mathematical Statistics}
}



@article{paper:fdr_BH,
  title={{Controlling the false discovery rate: a practical and powerful approach to multiple testing}},
  author={Benjamini, Yoav and Hochberg, Yosef},
  journal={Journal of the Royal Statistical Society: Series B (Methodological)},
  volume={57},
  number={1},
  pages={289--300},
  year={1995},
  publisher={Wiley Online Library}
}



@article{paper:type_M_error,
  title={{Beyond power calculations: Assessing type S (sign) and type M (magnitude) errors}},
  author={Gelman, Andrew and Carlin, John},
  journal={Perspectives on Psychological Science},
  volume={9},
  number={6},
  pages={641--651},
  year={2014},
  publisher={Sage Publications Sage CA: Los Angeles, CA}
}



@article{paper:psis_loo,
  title={{Practical Bayesian model evaluation using leave-one-out cross-validation and WAIC}},
  author={Vehtari, Aki and Gelman, Andrew and Gabry, Jonah},
  journal={Statistics and Computing},
  volume={27},
  number={5},
  pages={1413--1432},
  year={2017},
  publisher={Springer}
}

@article{paper:projpred,
  title={{Projective inference in high-dimensional problems: prediction and feature selection}},
  author={Piironen, Juho and Paasiniemi, Markus and Vehtari, Aki},
  journal={arXiv preprint arXiv:1810.02406},
  year={2018}
}

@article{paper:original_proj,
  title={{Variable selection in qualitative models via an entropic explanatory power}},
  author={Dupuis, J{\'e}rome A and Robert, Christian P},
  journal={Journal of Statistical Planning and Inference},
  volume={111},
  number={1-2},
  pages={77--94},
  year={2003},
  publisher={Elsevier}
}

@article{paper:model_selection,
  title={{Comparison of Bayesian predictive methods for model selection}},
  author={Piironen, Juho and Vehtari, Aki},
  journal={Statistics and Computing},
  volume={27},
  number={3},
  pages={711--735},
  year={2017},
  publisher={Springer}
}

@article{paper:qvalue,
  title={{The positive false discovery rate: a Bayesian interpretation and the q-value}},
  author={Storey, John D},
  journal={The Annals of Statistics},
  volume={31},
  number={6},
  pages={2013--2035},
  year={2003},
  publisher={Institute of Mathematical Statistics}
}

@article{paper:rhs,
  title={{Sparsity information and regularization in the horseshoe and other shrinkage priors}},
  author={Piironen, Juho and Vehtari, Aki},
  journal={Electronic Journal of Statistics},
  volume={11},
  number={2},
  pages={5018--5051},
  year={2017},
  publisher={The Institute of Mathematical Statistics and the Bernoulli Society}
}

@article{paper:pep_fdr,
  title={{Posterior error probabilities and false discovery rates: two sides of the same coin}},
  author={K{\"a}ll, Lukas and Storey, John D and MacCoss, Michael J and Noble, William Stafford},
  journal={Journal of Proteome Research},
  volume={7},
  number={01},
  pages={40--44},
  year={2007},
  publisher={ACS Publications}

}

@article{paper:stan,
  title={{Stan: A probabilistic programming language}},
  author={Carpenter, Bob and Gelman, Andrew and Hoffman, Matthew D and Lee, Daniel and Goodrich, Ben and Betancourt, Michael and Brubaker, Marcus and Guo, Jiqiang and Li, Peter and Riddell, Allen},
  journal={Journal of Statistical Software},
  volume={76},
  number={1},
  year={2017},
  publisher={Columbia Univ., New York, NY (United States); Harvard Univ., Cambridge, MA~?}
}

@article{paper:stability,
  title={{On the stability of feature selection algorithms}},
  author={Nogueira, Sarah and Sechidis, Konstantinos and Brown, Gavin},
  journal={The Journal of Machine Learning Research},
  volume={18},
  number={1},
  pages={6345--6398},
  year={2017},
  publisher={JMLR. org}
}

@article{paper:feature_selection,
  title={{Hierarchical Bayesian formulations for selecting variables in regression models}},
  author={Rockova, Veronika and Lesaffre, Emmanuel and Luime, Jolanda and L{\"o}wenberg, Bob},
  journal={Statistics in Medicine},
  volume={31},
  number={11-12},
  pages={1221--1237},
  year={2012},
  publisher={Wiley Online Library}
}

@inproceedings{piironen2018,
    author = {Piironen, Juho and Vehtari, Aki},
    title = {Iterative supervised principal components},
    booktitle = {Proceedings of the 21st International Conference on Artificial Intelligence and Statistics},
    pages = {106--114},
    year = {2018},
    editor = {Amos Storkey and Fernando Perez-Cruz},
    volume = {84},
    series = {Proceedings of Machine Learning Research}
}

@article{paper:hs,
  title={{Handling sparsity via the horseshoe}},
  author={Carvalho, Carlos M and Polson, Nicholas G and Scott, James G},
  journal = {Journal of Machine Learning Research - Proceedings Track},
  booktitle={Artificial Intelligence and Statistics},
  pages={73--80},
  year={2009}
 }
